@inbook{TheLinuxKernel,
	author={David A Rusling},
	address={3 Foxglove Close, Wokingham, Berkshire RG41 3NF, UK},
	booktitle={The Linux Kernel},
	organization={David A Rusling},
	title={Memory Management},
	url={http://tldp.org/LDP/tlk/mm/memory.html},
	urlaccessdate={15 mar. 2012},
	volume={1},
	year={1999}
}

@article{IBMMemoryManagement,
	author={Jonathan Bartlett},
	journal={developerWorks},
	month={nov.},
	title={Inside memory management},
	year={2004}
}

@inbook{ContiguousTechniques,
	author={Thomas P. Murtagh},
	address={Williamstown, MA 01267},
	booktitle={Operating Systems},
	organization={Williams College},
	title={Contiguous Memory Allocation Techniques},
	url={http://www.cs.williams.edu/~tom/courses/432/outlines/lect18\_2.html},
	urlaccessdate={16 mar. 2012},
	volume={1},
	year={2011}
}

@inbook{OxfordDictionary,
	author          = {Oxford},
	booktitle       = {English Dictionary},
	organization    = {Oxford Dictionaries},
	title           = {overlay},
	url={http://oxforddictionaries.com/definition/overlay},
	urlaccessdate={16 mar. 2012},
	year            = {2010}
}

@inbook{BowieMemoryAllocation,
	author          = {Osman Balci \and William S. Gilley \and Robin J. Adams \and Emre Tunar \and N. Dwight Barnette},
	booktitle       = {Operating Systems},
	organization    = {Bowie State University},
	title           = {Memory Allocation },
	url={http://courses.cs.vt.edu/csonline/OS/Lessons/},
	urlaccessdate={16 mar. 2012},
	year            = {1999}
}








@manual{OpenVMS:Manual,
	address={Houston, Texas},
	month={jun.},
	organization={Compaq Computer Corporation},
	pages={512},
	subtitle={Logging In},
	title={Getting Started with the OpenVMS Operating System},
	year={2002}
}

@manual{OpenVMS:Manual:RMS,
	address={Maynard, Massachusetts},
	month={jul.},
	organization={Digital Equipament Corporation},
	pages={150},
	subtitle={Getting Started with the OpenVMS Operating System},
	title={RMS Journaling for OpenVMS},
	year={1993}
}

@inbook{OpenVMSat20,
	author          = {Kathie Peck},
	booktitle       = {OpenVMS at 20 Nothing Stops it},
	organization    = {Digital Equipament Corporation},
	title           = {Changing the Face of Computing},
	chapter         = {1},
	year            = {1997}
}

@article{CompaqTimes,
	address={Houston, Texas},
	journal={Compaq\ Times},
	month={set.},
	volume={2},
	number={3},
	pages={1-2},
	title={Compaq OpenVMS Times},
	subtitle={Compaq and Intel accelerate enterprise server roadmaps},
	year={2001}
}

@inbook{ClusterUpTime,
	author={Denetron},
	address={Buffalo, NY},
	booktitle={The Uptimes-Project.org},
	organization={Denetron LLC},
	title={Host Information: WVNETcluster},
	url={http://www.uptimes-project.org/hosts/view/150},
	urlaccessdate={5 set. 2011},
	volume={1},
	year={2011}
}

@inbook{IBM:ProcessamentoBatch,
	author={IBM},
	address={Armonk, New York},
	booktitle={z/OS basic skills information center},
	organization={IBM},
	title={What is batch processing?},
	url={http://publib.boulder.ibm.com/infocenter/zos/basics/index.jsp},
	urlaccessdate={9 set. 2011},
	volume={1},
	year={2008}
}

@article{Clustering,
	author={Nancy P. Kronenberg and Henry M. Levy and William D. Strecker},
	journal={ACM Transactions on Computer Systems},
	month={mai.},
	pages={130-146},
	title={VAXclusters: A Closely-Coupled Distributed System},
	year={1986}
}

@book{SobreWinNTeNTFS,
	address={Portland},
	author={Helen Custer},
	publisher={Microsoft Press},
	title={Inside the Windows NT File System},
	year={1994}
}

@manual{Files11influenciaNTFS,
	author={Artem Baranov},
	organization={Grupo abnTeX},
	title={Zapiski issledovatelya NTFS},
	url={http://citforum.ru/operating\_systems/windows/ntfs/},
	urlaccessdate={10 set. 2011},
	year={2009}
}

